@article{bruna2013invariant,
  title={Invariant scattering convolution networks},
  author={Bruna, Joan and Mallat, St{\'e}phane},
  journal={IEEE transactions on pattern analysis and machine intelligence},
  volume={35},
  number={8},
  pages={1872--1886},
  year={2013},
  publisher={IEEE}
}


@article{zarka2019deep,
  title={Deep network classification by scattering and homotopy dictionary learning},
  author={Zarka, John and Thiry, Louis and Angles, Tom{\'a}s and Mallat, St{\'e}phane},
  journal={arXiv preprint arXiv:1910.03561},
  year={2019}
}


@article{lecun2015deep,
  title={Deep learning},
  author={LeCun, Yann and Bengio, Yoshua and Hinton, Geoffrey},
  journal={nature},
  volume={521},
  number={7553},
  pages={436--444},
  year={2015},
  publisher={Nature Publishing Group}
}
